  @ARTICLE{NPHardproof, 
author={Tillmann, A.M.}, 
journal={Signal Processing Letters, IEEE}, 
title={On the Computational Intractability of Exact and Approximate Dictionary Learning}, 
year={2015}, 
volume={22}, 
number={1}, 
pages={45-49}, 
keywords={approximation theory;compressed sensing;computational complexity;dictionaries;iterative methods;learning (artificial intelligence);optimisation;signal classification;signal reconstruction;signal representation;vectors;NP-hard sparse recovery problem;approximate dictionary learning algorithm;compressed sensing;computational intractability;data set training;iteration method;sensor permutation problem;signal classification;signal processing application;signal vector reconstruction;sparse signal representation;sparse signal vector coding;Approximation algorithms;Approximation methods;Complexity theory;Dictionaries;Optimization;Signal processing algorithms;Sparse matrices;(SAS-MALN, MLSAS-SPARSE) machine learning;Compressed sensing;computational complexity}, 
doi={10.1109/LSP.2014.2345761}, 
ISSN={1070-9908}, 
month={Jan},}
@article{submod_spectral,
  title={Submodular meets spectral: Greedy algorithms for subset selection, sparse approximation and dictionary selection},
  author={Das, Abhimanyu and Kempe, David},
  journal={arXiv preprint arXiv:1102.3975},
  year={2011}
}
@article{greedy_selection,
  title={Greedy dictionary selection for sparse representation},
  author={Cevher, Volkan and Krause, Andreas},
  journal={Selected Topics in Signal Processing, IEEE Journal of},
  volume={5},
  number={5},
  pages={979--988},
  year={2011},
  publisher={IEEE}
}
@ARTICLE{rIBP,
   author = {{Doshi-Velez}, F. and {Williamson}, S.~A.},
    title = "{Restricted Indian Buffet Processes}",
  journal = {ArXiv e-prints},
archivePrefix = "arXiv",
   eprint = {1508.06303},
 primaryClass = "stat.ME",
 keywords = {Statistics - Methodology},
     year = 2015,
    month = aug,
   adsurl = {http://adsabs.harvard.edu/abs/2015arXiv150806303D},
  adsnote = {Provided by the SAO/NASA Astrophysics Data System}
}
@INPROCEEDINGS{nonconvexrelax, 
author={Jianping Shi and Xiang Ren and Guang Dai and Jingdong Wang and Zhihua Zhang}, 
booktitle={Computer Vision and Pattern Recognition (CVPR), 2011 IEEE Conference on}, 
title={A non-convex relaxation approach to sparse dictionary learning}, 
year={2011}, 
pages={1809-1816}, 
keywords={computer vision;concave programming;image representation;learning (artificial intelligence);minimax techniques;computer vision;image denoising;image inpainting;minimax concave penalty;nonconvex online approach;nonconvex relaxation;overcomplete basis set;sparse dictionary learning;sparse representation;Computer vision;Convergence;Dictionaries;Encoding;Image reconstruction;Learning systems;Optimization}, 
doi={10.1109/CVPR.2011.5995592}, 
ISSN={1063-6919}, 
month={June},}
@INPROCEEDINGS{submod_sparsecoding, 
author={Zhuolin Jiang and Guangxiao Zhang and Davis, L.S.}, 
booktitle={Computer Vision and Pattern Recognition (CVPR), 2012 IEEE Conference on}, 
title={Submodular dictionary learning for sparse coding}, 
year={2012}, 
pages={3418-3425}, 
keywords={dictionaries;graph theory;greedy algorithms;image coding;learning (artificial intelligence);optimisation;action recognition;discriminative dictionary;face recognition;graph topology;greedy-based optimization algorithm;matroid constraint;monotonicity;near-optimal solution;object category recognition;sparse codes;sparse coding;sparse representation;submodular dictionary learning;submodularity property;Dictionaries;Encoding;Entropy;Image color analysis;Matching pursuit algorithms;Partitioning algorithms;Training}, 
doi={10.1109/CVPR.2012.6248082}, 
ISSN={1063-6919}, 
month={June},}
@INPROCEEDINGS{utilityWelfare,
   author={{Feige}, U.},
   title="{On maximizing welfare when utility functions are subadditive}",
   booktitle={STOC '06 Proceedings of the thirty-eigth annual ACM symposium on Theory of computing},
   year={2006},
   pages={41-50},
   keywords={Economics, Algorithms},
   doi={10.1145/1132516.1132523},
   ISBN={1-59593-134-1}
 }
@INPROCEEDINGS{Krause05near-optimalnonmyopic,
    author = {Andreas Krause and Carlos Guestrin},
    title = {Near-optimal Nonmyopic Value of Information in Graphical Models},
    booktitle = {TWENTY-FIRST CONFERENCE ON UNCERTAINTY IN ARTIFICIAL INTELLIGENCE (UAI},
    year = {2005},
    pages = {5},
    publisher = {}
}  